@inproceedings{Quil,
  author    = {Quillen, Daniel},
  editor    = {Bass, H.},
  title     = {Higher algebraic K-theory: I},
  booktitle = {Higher K-Theories},
  year      = {1973},
  publisher = {Springer Berlin Heidelberg},
  address   = {Berlin, Heidelberg},
  pages     = {85--147},
  isbn      = {978-3-540-37767-2}
}

@inproceedings{Gray,
  author    = {Grayson, Daniel},
  editor    = {Stein, Michael R.},
  title     = {Higher algebraic K-theory: II},
  booktitle = {Algebraic K-Theory},
  year      = {1976},
  publisher = {Springer Berlin Heidelberg},
  address   = {Berlin, Heidelberg},
  pages     = {217--240},
  isbn      = {978-3-540-37964-5}
}

@book{Hart,
  title     = {Algebraic Geometry},
  author    = {Hartshorne, R.},
  isbn      = {9781475738490},
  series    = {Graduate Texts in Mathematics},
  url       = {https://books.google.fr/books?id=7z4mBQAAQBAJ},
  year      = {2013},
  publisher = {Springer New York}
}

@book{Goer,
  title     = {Simplicial Homotopy Theory},
  author    = {Goerss, P.G. and Jardine, J.},
  isbn      = {9783034601887},
  lccn      = {2009933490},
  series    = {Modern Birkh{\"a}user Classics},
  url       = {https://books.google.fr/books?id=-rTDDAEACAAJ},
  year      = {2009},
  publisher = {Birkh{\"a}user Basel}
}

@book{Weib,
  title     = {The $K$-book: An Introduction to Algebraic $K$-theory},
  author    = {Weibel, C.A.},
  isbn      = {9780821891322},
  lccn      = {2012039660},
  series    = {Graduate Studies in Mathematics},
  url       = {https://books.google.fr/books?id=Ja8xAAAAQBAJ},
  year      = {2013},
  publisher = {American Mathematical Society}
}

@article{EGA,
  author  = {Dieudonn{\'e}, Jean and Grothendieck, Alexander},
  title   = {\'{E}l\'ements de g\'eom\'etrie alg\'ebrique},
  journal = {Inst. Hautes \'Etudes Sci. Publ. Math.},
  volume  = {4, 8, 11, 17, 20, 24, 28, 32},
  year    = {1961--1967}
}

@book{May,
  title     = {A Concise Course in Algebraic Topology},
  author    = {May, J.P.},
  isbn      = {9780226511832},
  lccn      = {99296133},
  series    = {Chicago Lectures in Mathematics},
  url       = {https://books.google.co.uk/books?id=g8SG03R1bpgC},
  year      = {1999},
  publisher = {University of Chicago Press}
}

@book{May2,
  title     = {More Concise Algebraic Topology: Localization, Completion, and Model Categories},
  author    = {May, J.P. and Ponto, K.},
  isbn      = {9780226511788},
  lccn      = {2011012400},
  series    = {Chicago Lectures in Mathematics},
  url       = {https://books.google.co.uk/books?id=SHhmxUPskFwC},
  year      = {2012},
  publisher = {University of Chicago Press}
}

@book{Hatc,
  title     = {Algebraic Topology},
  author    = {Hatcher, A. and Cambridge University Press and Cornell University. Department of Mathematics},
  isbn      = {9780521795401},
  lccn      = {00065166},
  series    = {Algebraic Topology},
  url       = {https://books.google.co.uk/books?id=BjKs86kosqgC},
  year      = {2002},
  publisher = {Cambridge University Press}
}

@article{Kell,
  author  = {Keller, Bernhard},
  title   = {Chain complexes and stable categories},
  journal = {manuscripta mathematica},
  year    = {1990},
  month   = {Dec},
  day     = {01},
  volume  = {67},
  number  = {1},
  pages   = {379--417},
  issn    = {1432-1785},
  doi     = {10.1007/BF02568439},
  url     = {https://doi.org/10.1007/BF02568439}
}

@book{Gort,
  title     = {Algebraic Geometry: Part I: Schemes. With Examples and Exercises},
  author    = {G{\"o}rtz, U. and Wedhorn, T.},
  isbn      = {9783834897220},
  series    = {Advanced Lectures in Mathematics},
  url       = {https://books.google.fr/books?id=XEiLudn6sq4C},
  year      = {2010},
  publisher = {Vieweg+Teubner Verlag}
}

@book{Hirs,
  title     = {Model Categories and Their Localizations},
  author    = {Hirschhorn, P.S.},
  isbn      = {9780821849170},
  lccn      = {2002027794},
  series    = {Mathematical surveys and monographs},
  url       = {https://books.google.fr/books?id=jKPN38l8LwcC},
  year      = {2009},
  publisher = {American Mathematical Society}
}

@book{Weib2,
  place      = {Cambridge},
  series     = {Cambridge Studies in Advanced Mathematics},
  title      = {An Introduction to Homological Algebra},
  doi        = {10.1017/CBO9781139644136},
  publisher  = {Cambridge University Press},
  author     = {Weibel, Charles A.},
  year       = {1994},
  collection = {Cambridge Studies in Advanced Mathematics}
}

@book{Bass,
  title     = {Algebraic K-theory},
  place     = {Columbia University},
  author    = {Bass, Hyman},
  publisher = {W.A. Benjamin, inc.},
  year      = {1968},
  lccn      = {6824366}
}

@unpublished{Idri,
  title        = {Introduction à la théorie de l’homotopie},
  author       = {Najib Idrissi},
  howpublished = {\url{https://idrissi.eu/static/09ac8f5c988cc88c23a58718d4cec38f/homotopie.pdf}},
  year         = 2021,
  note         = {accessible sur \url{https://idrissi.eu/class}}
}

@book{Macl,
  title     = {Categories for the Working Mathematician},
  author    = {Lane, S.M.},
  isbn      = {9781475747218},
  series    = {Graduate Texts in Mathematics},
  url       = {https://books.google.fr/books?id=gfI-BAAAQBAJ},
  year      = {2013},
  publisher = {Springer New York}
}